@book{arabski_przyswajanie_1996,
	title = {Przyswajanie języka obcego i pamięć werbalna},
	isbn = {978-83-7164-038-4},
	pagetotal = {228},
	publisher = {Wydawn. Uniw. Śląskiego},
	author = {Arabski, Janusz},
	date = {1996},
	langid = {polish},
}

@book{ellis_study_1994,
	title = {The Study of Second Language Acquisition},
	isbn = {978-0-19-437189-6},
	abstract = {The first section of this book outlines a general framework for the study of second language acquisition. Subsequent sections provide a description of learner language, account for the role of the linguistic environment, examine the learner's internal mechanisms, explore individual differencesin language learning, and review the expanding research on classroom second language acquisition.First Prize English Speaking Union's Duke of Edinburgh Book Competition},
	pagetotal = {836},
	publisher = {Oxford University Press},
	author = {Ellis, Rod},
	date = {1994},
	langid = {english},
	keywords = {Social Science / Anthropology / Cultural \& Social}
}

@book{ellis_second_1997,
	title = {Second Language Acquisition},
	isbn = {978-0-19-437212-1},
	abstract = {This book offers a succinct theoretical introduction to the basic concepts in language testing in a way that is easy to understand. In the Japanese context, this book is highly recommended for university faculty members involved in obtaining assessment literacy, teachers who want to validate their exploratory teaching and testing, or applied linguistics students new to the language testing field. The book is divided into four main sections. The first provides an overview of the principles of language testing. The next contains short extracts from the testing literature with questions which stimulate further thinking. Section 3 is a list of references with brief annotations and Section 4 a glossary of referenced testing terms.},
	pagetotal = {164},
	publisher = {{OUP} Oxford},
	author = {Ellis, Rod},
	date = {1997},
	langid = {english},
	keywords = {Foreign Language Study / English as a Second Language, Language Arts \& Disciplines / Linguistics / Psycholinguistics, Religion / History}
}

@book{komorowska_podstawy_1993,
	title = {Podstawy Metodyki Nauczania Języków Obcych},
	isbn = {978-83-85574-10-1},
	shorttitle = {Podstawy Metodyki Nauczania Języków Obcych},
	pagetotal = {50},
	publisher = {{EDE}-Poland},
	author = {Komorowska, Hanna},
	date = {1993},
	langid = {english},
}

@book{krashen_language_1989,
	title = {Language Acquisition and Language Education: Extensions and Applications},
	isbn = {978-0-13-522764-0},
	shorttitle = {Language Acquisition and Language Education},
	pagetotal = {146},
	publisher = {Prentice Hall International},
	author = {Krashen, Stephen D.},
	date = {1989},
	langid = {english},
	
}

@book{krashen_principles_1982,
	location = {Oxford ; New York},
	edition = {1st ed},
	title = {Principles and practice in second language acquisition},
	isbn = {978-0-08-028628-0},
	series = {Language teaching methodology series},
	pagetotal = {202},
	publisher = {Pergamon},
	author = {Krashen, Stephen D.},
	date = {1982},
	langid = {english},
	keywords = {Language and languages, Second language acquisition, Study and teaching},
	}

}